@book{Guy2004unsolved,
    author    = "Richard K. Guy",
    title     = "Unsolved Problems in Number Theory",
	edition   = "third",
    year      = "2004",
    publisher = "Springer",
    address   = "New York",
}
@article{BVandFalgorithmic,
    author    = "B. V. Chirikov and F. Vivaldi",
	journal   = "Physica D",
	title     = "An algorithmic view of pseudochaos",
	volume    = "129",
    number    = "3-4",
    pages     = "223â€“-235",
    year      = "1999",
}
